<record><leader>00000cas a22000007a 4500</leader><controlfield tag="001">15046183</controlfield><controlfield tag="008">870108d18781882inuwr ne      0    0eng d</controlfield><datafield ind1=" " ind2=" " tag="010"><subfield code="a">sn 87055038 </subfield></datafield><datafield ind1=" " ind2=" " tag="040"><subfield code="a">NPI</subfield><subfield code="b">eng</subfield><subfield code="c">NPI</subfield><subfield code="d">OCLCQ</subfield></datafield><datafield ind1=" " ind2=" " tag="042"><subfield code="a">msc</subfield></datafield><datafield ind1="0" ind2=" " tag="130"><subfield code="a">Advocate (Tipton, Ind.)</subfield></datafield><datafield ind1="1" ind2="4" tag="245"><subfield code="a">The advocate.</subfield></datafield><datafield ind1=" " ind2=" " tag="260"><subfield code="a">Tipton, Ind. :</subfield><subfield code="b">[s.n.],</subfield><subfield code="c">1878-1882.</subfield></datafield><datafield ind1=" " ind2=" " tag="300"><subfield code="a">4 v.</subfield></datafield><datafield ind1=" " ind2=" " tag="310"><subfield code="a">Weekly</subfield></datafield><datafield ind1="0" ind2=" " tag="362"><subfield code="a">Vol. 1, no. 1 (Sept. 10, 1878)-v. 4, no. 41 (June 23, 1882).</subfield></datafield><datafield ind1=" " ind2=" " tag="500"><subfield code="a">Campaign ed., &lt;Sept. 10-24, 1878&gt;.</subfield></datafield><datafield ind1=" " ind2=" " tag="752"><subfield code="a">United States</subfield><subfield code="b">Indiana</subfield><subfield code="c">Tipton</subfield><subfield code="d">Tipton.</subfield></datafield><datafield ind1="0" ind2="0" tag="785"><subfield code="t">Tipton advocate</subfield><subfield code="w">(DLC)sn 87055039</subfield></datafield></record>